<?xml version="1.0" encoding="UTF-8"?><collection xmlns="http://www.loc.gov/MARC21/slim"><record><leader>00405nam--2200145-i-4500</leader><controlfield tag="001">000008227</controlfield><controlfield tag="002">20161230</controlfield><controlfield tag="005">20161230201027</controlfield><controlfield tag="008">060222s1000------------r-----000-0-eng-d</controlfield><datafield ind1=" " ind2=" " tag="080"><subfield code="a">517</subfield></datafield><datafield ind1=" " ind2=" " tag="100"><subfield code="a">Copson, E.T</subfield></datafield><datafield ind1=" " ind2=" " tag="245"><subfield code="a">An introduction to the theory of functions of a complex variable</subfield></datafield><datafield ind1=" " ind2=" " tag="260"><subfield code="a">Oxford, At The Clarendon Press, 1962 448 P</subfield></datafield><datafield ind1=" " ind2=" " tag="852"><subfield code="a">27681</subfield><subfield code="c">517.53</subfield></datafield><datafield ind1=" " ind2=" " tag="CAT"><subfield code="a">Sys</subfield><subfield code="c">20080818</subfield><subfield code="h">135849</subfield></datafield></record></collection>